<record><leader>00000cas a2200000 a 4500</leader><controlfield tag="001">10319368</controlfield><controlfield tag="008">840120d18731885nmuwr ne      0    0eng c</controlfield><datafield ind1=" " ind2=" " tag="010"><subfield code="a">sn 84022163 </subfield></datafield><datafield ind1=" " ind2=" " tag="040"><subfield code="a">NPX</subfield><subfield code="b">eng</subfield><subfield code="c">NPX</subfield><subfield code="d">IUL</subfield><subfield code="d">NPI</subfield><subfield code="d">PPM</subfield><subfield code="d">NVM</subfield><subfield code="d">CNK</subfield><subfield code="d">NVM</subfield><subfield code="d">OBN</subfield><subfield code="d">OCLCQ</subfield><subfield code="d">DLC</subfield><subfield code="d">OCLCQ</subfield><subfield code="d">OCLCF</subfield><subfield code="d">OCLCO</subfield></datafield><datafield ind1=" " ind2=" " tag="012"><subfield code="i">8701</subfield></datafield><datafield ind1="1" ind2=" " tag="029"><subfield code="a">AU@</subfield><subfield code="b">000020414112</subfield></datafield><datafield ind1="0" ind2=" " tag="041"><subfield code="a">engspa</subfield></datafield><datafield ind1=" " ind2=" " tag="042"><subfield code="a">pcc</subfield></datafield><datafield ind1=" " ind2=" " tag="043"><subfield code="a">n-us-nm</subfield></datafield><datafield ind1="0" ind2="0" tag="050"><subfield code="a">Newspaper</subfield></datafield><datafield ind1="0" ind2=" " tag="130"><subfield code="a">Mesilla news (Mesilla, N.M. : 1873)</subfield></datafield><datafield ind1="1" ind2="4" tag="245"><subfield code="a">The Mesilla news.</subfield></datafield><datafield ind1=" " ind2=" " tag="260"><subfield code="a">Mesilla, N.M. :</subfield><subfield code="b">L. Lapoint &amp; Ira M. Bond</subfield></datafield><datafield ind1=" " ind2=" " tag="300"><subfield code="a">v.</subfield></datafield><datafield ind1=" " ind2=" " tag="310"><subfield code="a">Weekly</subfield></datafield><datafield ind1="1" ind2=" " tag="362"><subfield code="a">Began Nov. 2, 1873; ceased Feb. 1885.</subfield></datafield><datafield ind1=" " ind2=" " tag="500"><subfield code="a">Microfilm published by BMI Imaging Systems; issued in series: Chicano serials collection.</subfield></datafield><datafield ind1=" " ind2=" " tag="530"><subfield code="a">Also on microfilm: El Paso, Texas : Southwest Micropublishing, Inc.</subfield></datafield><datafield ind1=" " ind2=" " tag="546"><subfield code="a">In English and Spanish.</subfield></datafield><datafield ind1=" " ind2=" " tag="588"><subfield code="a">Description based on: Vol. 1, no. 14 (Feb. 21, 1874).</subfield></datafield><datafield ind1=" " ind2="0" tag="651"><subfield code="a">Don&#771;a Ana County (N.M.)</subfield><subfield code="v">Newspapers.</subfield></datafield><datafield ind1=" " ind2="0" tag="651"><subfield code="a">Mesilla (N.M.)</subfield><subfield code="v">Newspapers.</subfield></datafield><datafield ind1=" " ind2="7" tag="655"><subfield code="a">Newspapers.</subfield><subfield code="2">fast</subfield><subfield code="0">(OCoLC)fst01423814</subfield></datafield><datafield ind1=" " ind2="7" tag="651"><subfield code="a">New Mexico</subfield><subfield code="z">Don&#771;a Ana County.</subfield><subfield code="2">fast</subfield><subfield code="0">(OCoLC)fst01219025</subfield></datafield><datafield ind1=" " ind2="7" tag="651"><subfield code="a">New Mexico</subfield><subfield code="z">Mesilla.</subfield><subfield code="2">fast</subfield><subfield code="0">(OCoLC)fst01273457</subfield></datafield><datafield ind1=" " ind2=" " tag="752"><subfield code="a">United States</subfield><subfield code="b">New Mexico</subfield><subfield code="c">Don&#771;a Ana</subfield><subfield code="d">Mesilla.</subfield></datafield><datafield ind1="0" ind2="0" tag="785"><subfield code="t">News (Albuquerque, N.M.)</subfield><subfield code="w">(DLC)sn 87056963</subfield></datafield><datafield ind1=" " ind2=" " tag="850"><subfield code="a">InU</subfield></datafield></record>